%YAML 1.1
%TAG !u! tag:unity3d.com,2011:
--- !u!1 &650635762111384154
GameObject:
  m_ObjectHideFlags: 0
  m_CorrespondingSourceObject: {fileID: 0}
  m_PrefabInstance: {fileID: 0}
  m_PrefabAsset: {fileID: 0}
  serializedVersion: 6
  m_Component:
  - component: {fileID: 3909957461706877586}
  m_Layer: 0
  m_Name: Bone.001
  m_TagString: Untagged
  m_Icon: {fileID: 0}
  m_NavMeshLayer: 0
  m_StaticEditorFlags: 0
  m_IsActive: 1
--- !u!4 &3909957461706877586
Transform:
  m_ObjectHideFlags: 0
  m_CorrespondingSourceObject: {fileID: 0}
  m_PrefabInstance: {fileID: 0}
  m_PrefabAsset: {fileID: 0}
  m_GameObject: {fileID: 650635762111384154}
  m_LocalRotation: {x: 0.06686345, y: -0.068661354, z: -0.409668, w: 0.9071864}
  m_LocalPosition: {x: 1.5013928e-11, y: 0.010042923, z: -9.102457e-11}
  m_LocalScale: {x: 0.9999999, y: 0.99999994, z: 1}
  m_Children:
  - {fileID: 2775352035117283671}
  m_Father: {fileID: 5368741533651306009}
  m_RootOrder: 0
  m_LocalEulerAnglesHint: {x: 0, y: 0, z: 0}
--- !u!1 &1790755654970768979
GameObject:
  m_ObjectHideFlags: 0
  m_CorrespondingSourceObject: {fileID: 0}
  m_PrefabInstance: {fileID: 0}
  m_PrefabAsset: {fileID: 0}
  serializedVersion: 6
  m_Component:
  - component: {fileID: 8423363789656860161}
  m_Layer: 0
  m_Name: Bone.009
  m_TagString: Untagged
  m_Icon: {fileID: 0}
  m_NavMeshLayer: 0
  m_StaticEditorFlags: 0
  m_IsActive: 1
--- !u!4 &8423363789656860161
Transform:
  m_ObjectHideFlags: 0
  m_CorrespondingSourceObject: {fileID: 0}
  m_PrefabInstance: {fileID: 0}
  m_PrefabAsset: {fileID: 0}
  m_GameObject: {fileID: 1790755654970768979}
  m_LocalRotation: {x: -0.24771692, y: 0.026656853, z: -0.3627816, w: 0.89795065}
  m_LocalPosition: {x: 3.72529e-10, y: 0.0028461458, z: 3.7252902e-11}
  m_LocalScale: {x: 0.9999999, y: 0.99999994, z: 0.9999998}
  m_Children:
  - {fileID: 1312994565335346991}
  m_Father: {fileID: 3297096583188244630}
  m_RootOrder: 0
  m_LocalEulerAnglesHint: {x: 0, y: 0, z: 0}
--- !u!1 &2066781177245895870
GameObject:
  m_ObjectHideFlags: 0
  m_CorrespondingSourceObject: {fileID: 0}
  m_PrefabInstance: {fileID: 0}
  m_PrefabAsset: {fileID: 0}
  serializedVersion: 6
  m_Component:
  - component: {fileID: 1312994565335346991}
  m_Layer: 0
  m_Name: Bone.012
  m_TagString: Untagged
  m_Icon: {fileID: 0}
  m_NavMeshLayer: 0
  m_StaticEditorFlags: 0
  m_IsActive: 1
--- !u!4 &1312994565335346991
Transform:
  m_ObjectHideFlags: 0
  m_CorrespondingSourceObject: {fileID: 0}
  m_PrefabInstance: {fileID: 0}
  m_PrefabAsset: {fileID: 0}
  m_GameObject: {fileID: 2066781177245895870}
  m_LocalRotation: {x: -0.33847252, y: 0.011774476, z: 0.065333515, w: 0.9386316}
  m_LocalPosition: {x: 2.0489097e-10, y: 0.007537312, z: -3.352761e-10}
  m_LocalScale: {x: 0.99999976, y: 0.9999999, z: 0.99999976}
  m_Children:
  - {fileID: 2995806902190925886}
  m_Father: {fileID: 8423363789656860161}
  m_RootOrder: 0
  m_LocalEulerAnglesHint: {x: 0, y: 0, z: 0}
--- !u!1 &2098377014688001873
GameObject:
  m_ObjectHideFlags: 0
  m_CorrespondingSourceObject: {fileID: 0}
  m_PrefabInstance: {fileID: 0}
  m_PrefabAsset: {fileID: 0}
  serializedVersion: 6
  m_Component:
  - component: {fileID: 1609261068719420907}
  m_Layer: 0
  m_Name: goal_1
  m_TagString: Untagged
  m_Icon: {fileID: 0}
  m_NavMeshLayer: 0
  m_StaticEditorFlags: 0
  m_IsActive: 1
--- !u!4 &1609261068719420907
Transform:
  m_ObjectHideFlags: 0
  m_CorrespondingSourceObject: {fileID: 0}
  m_PrefabInstance: {fileID: 0}
  m_PrefabAsset: {fileID: 0}
  m_GameObject: {fileID: 2098377014688001873}
  m_LocalRotation: {x: 0, y: 0, z: 0, w: 1}
  m_LocalPosition: {x: 0, y: 0, z: 0}
  m_LocalScale: {x: 1, y: 1, z: 1}
  m_Children:
  - {fileID: 7702821366009505141}
  - {fileID: 5793856988901722576}
  - {fileID: 7355713273030771942}
  m_Father: {fileID: 0}
  m_RootOrder: 0
  m_LocalEulerAnglesHint: {x: 0, y: 0, z: 0}
--- !u!1 &2208396167640605233
GameObject:
  m_ObjectHideFlags: 0
  m_CorrespondingSourceObject: {fileID: 0}
  m_PrefabInstance: {fileID: 0}
  m_PrefabAsset: {fileID: 0}
  serializedVersion: 6
  m_Component:
  - component: {fileID: 1195904899511086802}
  m_Layer: 0
  m_Name: Bone.005
  m_TagString: Untagged
  m_Icon: {fileID: 0}
  m_NavMeshLayer: 0
  m_StaticEditorFlags: 0
  m_IsActive: 1
--- !u!4 &1195904899511086802
Transform:
  m_ObjectHideFlags: 0
  m_CorrespondingSourceObject: {fileID: 0}
  m_PrefabInstance: {fileID: 0}
  m_PrefabAsset: {fileID: 0}
  m_GameObject: {fileID: 2208396167640605233}
  m_LocalRotation: {x: 0.105669156, y: 0.21187162, z: 0.68661857, w: 0.6873859}
  m_LocalPosition: {x: -0, y: 0, z: 0}
  m_LocalScale: {x: 1, y: 1, z: 1}
  m_Children:
  - {fileID: 6738736844548954798}
  m_Father: {fileID: 7702821366009505141}
  m_RootOrder: 1
  m_LocalEulerAnglesHint: {x: 0, y: 0, z: 0}
--- !u!1 &2903570025278766839
GameObject:
  m_ObjectHideFlags: 0
  m_CorrespondingSourceObject: {fileID: 0}
  m_PrefabInstance: {fileID: 0}
  m_PrefabAsset: {fileID: 0}
  serializedVersion: 6
  m_Component:
  - component: {fileID: 5793856988901722576}
  - component: {fileID: 4369904469851092760}
  - component: {fileID: 3574351090285566331}
  m_Layer: 0
  m_Name: BaseSpiderMan
  m_TagString: Untagged
  m_Icon: {fileID: 0}
  m_NavMeshLayer: 0
  m_StaticEditorFlags: 0
  m_IsActive: 1
--- !u!4 &5793856988901722576
Transform:
  m_ObjectHideFlags: 0
  m_CorrespondingSourceObject: {fileID: 0}
  m_PrefabInstance: {fileID: 0}
  m_PrefabAsset: {fileID: 0}
  m_GameObject: {fileID: 2903570025278766839}
  m_LocalRotation: {x: 0.00000008146033, y: 1.1080572e-15, z: 5.4722974e-15, w: 1}
  m_LocalPosition: {x: -0.4084988, y: -0.07860448, z: -0.11065222}
  m_LocalScale: {x: 81.824646, y: 81.824646, z: 81.824646}
  m_Children: []
  m_Father: {fileID: 1609261068719420907}
  m_RootOrder: 1
  m_LocalEulerAnglesHint: {x: 0, y: 0, z: 0}
--- !u!137 &4369904469851092760
SkinnedMeshRenderer:
  m_ObjectHideFlags: 0
  m_CorrespondingSourceObject: {fileID: 0}
  m_PrefabInstance: {fileID: 0}
  m_PrefabAsset: {fileID: 0}
  m_GameObject: {fileID: 2903570025278766839}
  m_Enabled: 1
  m_CastShadows: 1
  m_ReceiveShadows: 1
  m_DynamicOccludee: 1
  m_MotionVectors: 1
  m_LightProbeUsage: 1
  m_ReflectionProbeUsage: 1
  m_RayTracingMode: 0
  m_RenderingLayerMask: 1
  m_RendererPriority: 0
  m_Materials:
  - {fileID: 4874126678125670354, guid: b0849b044084a407e984659c7fa86639, type: 3}
  m_StaticBatchInfo:
    firstSubMesh: 0
    subMeshCount: 0
  m_StaticBatchRoot: {fileID: 0}
  m_ProbeAnchor: {fileID: 0}
  m_LightProbeVolumeOverride: {fileID: 0}
  m_ScaleInLightmap: 1
  m_ReceiveGI: 1
  m_PreserveUVs: 0
  m_IgnoreNormalsForChartDetection: 0
  m_ImportantGI: 0
  m_StitchLightmapSeams: 1
  m_SelectedEditorRenderState: 3
  m_MinimumChartSize: 4
  m_AutoUVMaxDistance: 0.5
  m_AutoUVMaxAngle: 89
  m_LightmapParameters: {fileID: 0}
  m_SortingLayerID: 0
  m_SortingLayer: 0
  m_SortingOrder: 0
  serializedVersion: 2
  m_Quality: 0
  m_UpdateWhenOffscreen: 0
  m_SkinnedMotionVectors: 1
  m_Mesh: {fileID: 3211862945731940625, guid: b0849b044084a407e984659c7fa86639, type: 3}
  m_Bones:
  - {fileID: 5368741533651306009}
  - {fileID: 3909957461706877586}
  - {fileID: 2775352035117283671}
  - {fileID: 4336887199783633207}
  - {fileID: 3297096583188244630}
  - {fileID: 8423363789656860161}
  - {fileID: 1312994565335346991}
  - {fileID: 1195904899511086802}
  - {fileID: 6738736844548954798}
  - {fileID: 3747342855922716051}
  - {fileID: 6674179698451787102}
  - {fileID: 1026399808243040529}
  - {fileID: 4558141725343142760}
  m_BlendShapeWeights: []
  m_RootBone: {fileID: 5368741533651306009}
  m_AABB:
    m_Center: {x: 0.000041380525, y: 0.010727423, z: 0.00040706247}
    m_Extent: {x: 0.00811968, y: 0.017156675, z: 0.013226723}
  m_DirtyAABB: 0
--- !u!64 &3574351090285566331
MeshCollider:
  m_ObjectHideFlags: 0
  m_CorrespondingSourceObject: {fileID: 0}
  m_PrefabInstance: {fileID: 0}
  m_PrefabAsset: {fileID: 0}
  m_GameObject: {fileID: 2903570025278766839}
  m_Material: {fileID: 13400000, guid: c509d5711dc2cc346be2763cd92383ca, type: 2}
  m_IsTrigger: 0
  m_Enabled: 1
  serializedVersion: 4
  m_Convex: 0
  m_CookingOptions: 30
  m_Mesh: {fileID: 3211862945731940625, guid: b0849b044084a407e984659c7fa86639, type: 3}
--- !u!1 &3793505901144155131
GameObject:
  m_ObjectHideFlags: 0
  m_CorrespondingSourceObject: {fileID: 0}
  m_PrefabInstance: {fileID: 0}
  m_PrefabAsset: {fileID: 0}
  serializedVersion: 6
  m_Component:
  - component: {fileID: 4336887199783633207}
  m_Layer: 0
  m_Name: Bone.003
  m_TagString: Untagged
  m_Icon: {fileID: 0}
  m_NavMeshLayer: 0
  m_StaticEditorFlags: 0
  m_IsActive: 1
--- !u!4 &4336887199783633207
Transform:
  m_ObjectHideFlags: 0
  m_CorrespondingSourceObject: {fileID: 0}
  m_PrefabInstance: {fileID: 0}
  m_PrefabAsset: {fileID: 0}
  m_GameObject: {fileID: 3793505901144155131}
  m_LocalRotation: {x: -0.5339312, y: -0.038783833, z: -0.006863542, w: 0.8446101}
  m_LocalPosition: {x: -9.3132255e-12, y: 0.0075800936, z: 2.2817402e-10}
  m_LocalScale: {x: 1, y: 1, z: 1}
  m_Children:
  - {fileID: 2329300689761400636}
  m_Father: {fileID: 2775352035117283671}
  m_RootOrder: 0
  m_LocalEulerAnglesHint: {x: 0, y: 0, z: 0}
--- !u!1 &5101841730012965127
GameObject:
  m_ObjectHideFlags: 0
  m_CorrespondingSourceObject: {fileID: 0}
  m_PrefabInstance: {fileID: 0}
  m_PrefabAsset: {fileID: 0}
  serializedVersion: 6
  m_Component:
  - component: {fileID: 1026399808243040529}
  m_Layer: 0
  m_Name: Bone.014
  m_TagString: Untagged
  m_Icon: {fileID: 0}
  m_NavMeshLayer: 0
  m_StaticEditorFlags: 0
  m_IsActive: 1
--- !u!4 &1026399808243040529
Transform:
  m_ObjectHideFlags: 0
  m_CorrespondingSourceObject: {fileID: 0}
  m_PrefabInstance: {fileID: 0}
  m_PrefabAsset: {fileID: 0}
  m_GameObject: {fileID: 5101841730012965127}
  m_LocalRotation: {x: 0.3579633, y: 0.28237298, z: -0.5290078, w: 0.71573645}
  m_LocalPosition: {x: 3.5527136e-17, y: 0.0043379366, z: -1.060263e-16}
  m_LocalScale: {x: 1, y: 1, z: 1}
  m_Children:
  - {fileID: 4558141725343142760}
  m_Father: {fileID: 6674179698451787102}
  m_RootOrder: 0
  m_LocalEulerAnglesHint: {x: 0, y: 0, z: 0}
--- !u!1 &5201741054855375913
GameObject:
  m_ObjectHideFlags: 0
  m_CorrespondingSourceObject: {fileID: 0}
  m_PrefabInstance: {fileID: 0}
  m_PrefabAsset: {fileID: 0}
  serializedVersion: 6
  m_Component:
  - component: {fileID: 2329300689761400636}
  m_Layer: 0
  m_Name: Bone.003_end
  m_TagString: Untagged
  m_Icon: {fileID: 0}
  m_NavMeshLayer: 0
  m_StaticEditorFlags: 0
  m_IsActive: 1
--- !u!4 &2329300689761400636
Transform:
  m_ObjectHideFlags: 0
  m_CorrespondingSourceObject: {fileID: 0}
  m_PrefabInstance: {fileID: 0}
  m_PrefabAsset: {fileID: 0}
  m_GameObject: {fileID: 5201741054855375913}
  m_LocalRotation: {x: 0, y: -0, z: -0, w: 1}
  m_LocalPosition: {x: -0, y: 0.00522003, z: 0}
  m_LocalScale: {x: 1, y: 1, z: 1}
  m_Children: []
  m_Father: {fileID: 4336887199783633207}
  m_RootOrder: 0
  m_LocalEulerAnglesHint: {x: 0, y: 0, z: 0}
--- !u!1 &5623342819150946213
GameObject:
  m_ObjectHideFlags: 0
  m_CorrespondingSourceObject: {fileID: 0}
  m_PrefabInstance: {fileID: 0}
  m_PrefabAsset: {fileID: 0}
  serializedVersion: 6
  m_Component:
  - component: {fileID: 5368741533651306009}
  m_Layer: 0
  m_Name: Bone
  m_TagString: Untagged
  m_Icon: {fileID: 0}
  m_NavMeshLayer: 0
  m_StaticEditorFlags: 0
  m_IsActive: 1
--- !u!4 &5368741533651306009
Transform:
  m_ObjectHideFlags: 0
  m_CorrespondingSourceObject: {fileID: 0}
  m_PrefabInstance: {fileID: 0}
  m_PrefabAsset: {fileID: 0}
  m_GameObject: {fileID: 5623342819150946213}
  m_LocalRotation: {x: 0.6007542, y: -0.027949868, z: 0.017001987, w: 0.7987641}
  m_LocalPosition: {x: 1.433003e-10, y: -8.8087376e-10, z: 1.1473917e-10}
  m_LocalScale: {x: 1, y: 0.99999994, z: 1}
  m_Children:
  - {fileID: 3909957461706877586}
  - {fileID: 3297096583188244630}
  m_Father: {fileID: 7702821366009505141}
  m_RootOrder: 0
  m_LocalEulerAnglesHint: {x: 0, y: 0, z: 0}
--- !u!1 &5998514214628317578
GameObject:
  m_ObjectHideFlags: 0
  m_CorrespondingSourceObject: {fileID: 0}
  m_PrefabInstance: {fileID: 0}
  m_PrefabAsset: {fileID: 0}
  serializedVersion: 6
  m_Component:
  - component: {fileID: 2775352035117283671}
  m_Layer: 0
  m_Name: Bone.002
  m_TagString: Untagged
  m_Icon: {fileID: 0}
  m_NavMeshLayer: 0
  m_StaticEditorFlags: 0
  m_IsActive: 1
--- !u!4 &2775352035117283671
Transform:
  m_ObjectHideFlags: 0
  m_CorrespondingSourceObject: {fileID: 0}
  m_PrefabInstance: {fileID: 0}
  m_PrefabAsset: {fileID: 0}
  m_GameObject: {fileID: 5998514214628317578}
  m_LocalRotation: {x: 0.3832029, y: 0.27048337, z: 0.2771569, w: 0.8385573}
  m_LocalPosition: {x: 1.4901161e-10, y: 0.0027464624, z: 3.1664968e-10}
  m_LocalScale: {x: 1, y: 0.99999994, z: 1}
  m_Children:
  - {fileID: 4336887199783633207}
  m_Father: {fileID: 3909957461706877586}
  m_RootOrder: 0
  m_LocalEulerAnglesHint: {x: 0, y: 0, z: 0}
--- !u!1 &6376185908733677623
GameObject:
  m_ObjectHideFlags: 0
  m_CorrespondingSourceObject: {fileID: 0}
  m_PrefabInstance: {fileID: 0}
  m_PrefabAsset: {fileID: 0}
  serializedVersion: 6
  m_Component:
  - component: {fileID: 3747342855922716051}
  m_Layer: 0
  m_Name: Bone.007
  m_TagString: Untagged
  m_Icon: {fileID: 0}
  m_NavMeshLayer: 0
  m_StaticEditorFlags: 0
  m_IsActive: 1
--- !u!4 &3747342855922716051
Transform:
  m_ObjectHideFlags: 0
  m_CorrespondingSourceObject: {fileID: 0}
  m_PrefabInstance: {fileID: 0}
  m_PrefabAsset: {fileID: 0}
  m_GameObject: {fileID: 6376185908733677623}
  m_LocalRotation: {x: 0.01245596, y: -0.0023039426, z: 0.00076828524, w: 0.9999195}
  m_LocalPosition: {x: 7.4505804e-11, y: 0.004245283, z: 2.9802322e-10}
  m_LocalScale: {x: 1, y: 1, z: 1}
  m_Children:
  - {fileID: 3736639268013038029}
  m_Father: {fileID: 6738736844548954798}
  m_RootOrder: 0
  m_LocalEulerAnglesHint: {x: 0, y: 0, z: 0}
--- !u!1 &6512189682050544929
GameObject:
  m_ObjectHideFlags: 0
  m_CorrespondingSourceObject: {fileID: 0}
  m_PrefabInstance: {fileID: 0}
  m_PrefabAsset: {fileID: 0}
  serializedVersion: 6
  m_Component:
  - component: {fileID: 6674179698451787102}
  m_Layer: 0
  m_Name: Bone.013
  m_TagString: Untagged
  m_Icon: {fileID: 0}
  m_NavMeshLayer: 0
  m_StaticEditorFlags: 0
  m_IsActive: 1
--- !u!4 &6674179698451787102
Transform:
  m_ObjectHideFlags: 0
  m_CorrespondingSourceObject: {fileID: 0}
  m_PrefabInstance: {fileID: 0}
  m_PrefabAsset: {fileID: 0}
  m_GameObject: {fileID: 6512189682050544929}
  m_LocalRotation: {x: 0.15849532, y: -0.15849543, z: -0.68911487, w: 0.68911475}
  m_LocalPosition: {x: -0, y: 0, z: 0}
  m_LocalScale: {x: 1, y: 1, z: 0.99999994}
  m_Children:
  - {fileID: 1026399808243040529}
  m_Father: {fileID: 7702821366009505141}
  m_RootOrder: 2
  m_LocalEulerAnglesHint: {x: 0, y: 0, z: 0}
--- !u!1 &6918511074725662102
GameObject:
  m_ObjectHideFlags: 0
  m_CorrespondingSourceObject: {fileID: 0}
  m_PrefabInstance: {fileID: 0}
  m_PrefabAsset: {fileID: 0}
  serializedVersion: 6
  m_Component:
  - component: {fileID: 7355713273030771942}
  - component: {fileID: 7532203506261682901}
  - component: {fileID: 8772794872554750186}
  m_Layer: 0
  m_Name: Sphere
  m_TagString: Untagged
  m_Icon: {fileID: 0}
  m_NavMeshLayer: 0
  m_StaticEditorFlags: 0
  m_IsActive: 1
--- !u!4 &7355713273030771942
Transform:
  m_ObjectHideFlags: 0
  m_CorrespondingSourceObject: {fileID: 0}
  m_PrefabInstance: {fileID: 0}
  m_PrefabAsset: {fileID: 0}
  m_GameObject: {fileID: 6918511074725662102}
  m_LocalRotation: {x: -0.68781894, y: -0.16402778, z: -0.1640278, w: 0.68781894}
  m_LocalPosition: {x: -0.423, y: 1.6780086, z: -0.043}
  m_LocalScale: {x: 27.801334, y: 27.801334, z: 27.801332}
  m_Children: []
  m_Father: {fileID: 1609261068719420907}
  m_RootOrder: 2
  m_LocalEulerAnglesHint: {x: 0, y: 0, z: 0}
--- !u!137 &7532203506261682901
SkinnedMeshRenderer:
  m_ObjectHideFlags: 0
  m_CorrespondingSourceObject: {fileID: 0}
  m_PrefabInstance: {fileID: 0}
  m_PrefabAsset: {fileID: 0}
  m_GameObject: {fileID: 6918511074725662102}
  m_Enabled: 1
  m_CastShadows: 1
  m_ReceiveShadows: 1
  m_DynamicOccludee: 1
  m_MotionVectors: 1
  m_LightProbeUsage: 1
  m_ReflectionProbeUsage: 1
  m_RayTracingMode: 0
  m_RenderingLayerMask: 1
  m_RendererPriority: 0
  m_Materials:
  - {fileID: -3846018093981099296, guid: b0849b044084a407e984659c7fa86639, type: 3}
  m_StaticBatchInfo:
    firstSubMesh: 0
    subMeshCount: 0
  m_StaticBatchRoot: {fileID: 0}
  m_ProbeAnchor: {fileID: 0}
  m_LightProbeVolumeOverride: {fileID: 0}
  m_ScaleInLightmap: 1
  m_ReceiveGI: 1
  m_PreserveUVs: 0
  m_IgnoreNormalsForChartDetection: 0
  m_ImportantGI: 0
  m_StitchLightmapSeams: 1
  m_SelectedEditorRenderState: 3
  m_MinimumChartSize: 4
  m_AutoUVMaxDistance: 0.5
  m_AutoUVMaxAngle: 89
  m_LightmapParameters: {fileID: 0}
  m_SortingLayerID: 0
  m_SortingLayer: 0
  m_SortingOrder: 0
  serializedVersion: 2
  m_Quality: 0
  m_UpdateWhenOffscreen: 0
  m_SkinnedMotionVectors: 1
  m_Mesh: {fileID: 4711208715938537054, guid: b0849b044084a407e984659c7fa86639, type: 3}
  m_Bones:
  - {fileID: 5368741533651306009}
  - {fileID: 3909957461706877586}
  - {fileID: 2775352035117283671}
  - {fileID: 4336887199783633207}
  - {fileID: 3297096583188244630}
  - {fileID: 8423363789656860161}
  - {fileID: 1312994565335346991}
  - {fileID: 1195904899511086802}
  - {fileID: 6738736844548954798}
  - {fileID: 3747342855922716051}
  - {fileID: 6674179698451787102}
  - {fileID: 1026399808243040529}
  - {fileID: 4558141725343142760}
  m_BlendShapeWeights: []
  m_RootBone: {fileID: 5368741533651306009}
  m_AABB:
    m_Center: {x: -0.0003628349, y: -0.0058667036, z: -0.000035727862}
    m_Extent: {x: 0.007790475, y: 0.0084655415, z: 0.0074734767}
  m_DirtyAABB: 0
--- !u!64 &8772794872554750186
MeshCollider:
  m_ObjectHideFlags: 0
  m_CorrespondingSourceObject: {fileID: 0}
  m_PrefabInstance: {fileID: 0}
  m_PrefabAsset: {fileID: 0}
  m_GameObject: {fileID: 6918511074725662102}
  m_Material: {fileID: 13400000, guid: c509d5711dc2cc346be2763cd92383ca, type: 2}
  m_IsTrigger: 0
  m_Enabled: 1
  serializedVersion: 4
  m_Convex: 0
  m_CookingOptions: 30
  m_Mesh: {fileID: 4711208715938537054, guid: b0849b044084a407e984659c7fa86639, type: 3}
--- !u!1 &7381506687338809304
GameObject:
  m_ObjectHideFlags: 0
  m_CorrespondingSourceObject: {fileID: 0}
  m_PrefabInstance: {fileID: 0}
  m_PrefabAsset: {fileID: 0}
  serializedVersion: 6
  m_Component:
  - component: {fileID: 6738736844548954798}
  m_Layer: 0
  m_Name: Bone.006
  m_TagString: Untagged
  m_Icon: {fileID: 0}
  m_NavMeshLayer: 0
  m_StaticEditorFlags: 0
  m_IsActive: 1
--- !u!4 &6738736844548954798
Transform:
  m_ObjectHideFlags: 0
  m_CorrespondingSourceObject: {fileID: 0}
  m_PrefabInstance: {fileID: 0}
  m_PrefabAsset: {fileID: 0}
  m_GameObject: {fileID: 7381506687338809304}
  m_LocalRotation: {x: 0.26181933, y: -0.4153505, z: 0.4928493, w: 0.7183552}
  m_LocalPosition: {x: -9.3132255e-12, y: 0.004290805, z: -3.958121e-11}
  m_LocalScale: {x: 0.9999999, y: 0.99999994, z: 0.99999994}
  m_Children:
  - {fileID: 3747342855922716051}
  m_Father: {fileID: 1195904899511086802}
  m_RootOrder: 0
  m_LocalEulerAnglesHint: {x: 0, y: 0, z: 0}
--- !u!1 &8051355787239734908
GameObject:
  m_ObjectHideFlags: 0
  m_CorrespondingSourceObject: {fileID: 0}
  m_PrefabInstance: {fileID: 0}
  m_PrefabAsset: {fileID: 0}
  serializedVersion: 6
  m_Component:
  - component: {fileID: 2995806902190925886}
  m_Layer: 0
  m_Name: Bone.012_end
  m_TagString: Untagged
  m_Icon: {fileID: 0}
  m_NavMeshLayer: 0
  m_StaticEditorFlags: 0
  m_IsActive: 1
--- !u!4 &2995806902190925886
Transform:
  m_ObjectHideFlags: 0
  m_CorrespondingSourceObject: {fileID: 0}
  m_PrefabInstance: {fileID: 0}
  m_PrefabAsset: {fileID: 0}
  m_GameObject: {fileID: 8051355787239734908}
  m_LocalRotation: {x: 0, y: -0, z: -0, w: 1}
  m_LocalPosition: {x: -0, y: 0.005109134, z: 0}
  m_LocalScale: {x: 1, y: 1, z: 1}
  m_Children: []
  m_Father: {fileID: 1312994565335346991}
  m_RootOrder: 0
  m_LocalEulerAnglesHint: {x: 0, y: 0, z: 0}
--- !u!1 &8104827219097841471
GameObject:
  m_ObjectHideFlags: 0
  m_CorrespondingSourceObject: {fileID: 0}
  m_PrefabInstance: {fileID: 0}
  m_PrefabAsset: {fileID: 0}
  serializedVersion: 6
  m_Component:
  - component: {fileID: 7702821366009505141}
  m_Layer: 0
  m_Name: Armature
  m_TagString: Untagged
  m_Icon: {fileID: 0}
  m_NavMeshLayer: 0
  m_StaticEditorFlags: 0
  m_IsActive: 1
--- !u!4 &7702821366009505141
Transform:
  m_ObjectHideFlags: 0
  m_CorrespondingSourceObject: {fileID: 0}
  m_PrefabInstance: {fileID: 0}
  m_PrefabAsset: {fileID: 0}
  m_GameObject: {fileID: 8104827219097841471}
  m_LocalRotation: {x: -0.0000070022597, y: 0.7071069, z: -0.7071067, w: 0.000007097264}
  m_LocalPosition: {x: -0.40849876, y: 1.3936092, z: -0.18059003}
  m_LocalScale: {x: 49.787678, y: 49.787678, z: 49.787678}
  m_Children:
  - {fileID: 5368741533651306009}
  - {fileID: 1195904899511086802}
  - {fileID: 6674179698451787102}
  m_Father: {fileID: 1609261068719420907}
  m_RootOrder: 0
  m_LocalEulerAnglesHint: {x: 0, y: 0, z: 0}
--- !u!1 &8741906490025498650
GameObject:
  m_ObjectHideFlags: 0
  m_CorrespondingSourceObject: {fileID: 0}
  m_PrefabInstance: {fileID: 0}
  m_PrefabAsset: {fileID: 0}
  serializedVersion: 6
  m_Component:
  - component: {fileID: 3297096583188244630}
  m_Layer: 0
  m_Name: Bone.004
  m_TagString: Untagged
  m_Icon: {fileID: 0}
  m_NavMeshLayer: 0
  m_StaticEditorFlags: 0
  m_IsActive: 1
--- !u!4 &3297096583188244630
Transform:
  m_ObjectHideFlags: 0
  m_CorrespondingSourceObject: {fileID: 0}
  m_PrefabInstance: {fileID: 0}
  m_PrefabAsset: {fileID: 0}
  m_GameObject: {fileID: 8741906490025498650}
  m_LocalRotation: {x: 0.058312923, y: 0.062471084, z: 0.39667645, w: 0.91397196}
  m_LocalPosition: {x: 1.5013928e-11, y: 0.010042923, z: -9.102457e-11}
  m_LocalScale: {x: 0.99999994, y: 0.99999994, z: 1}
  m_Children:
  - {fileID: 8423363789656860161}
  m_Father: {fileID: 5368741533651306009}
  m_RootOrder: 1
  m_LocalEulerAnglesHint: {x: 0, y: 0, z: 0}
--- !u!1 &8746353940792877404
GameObject:
  m_ObjectHideFlags: 0
  m_CorrespondingSourceObject: {fileID: 0}
  m_PrefabInstance: {fileID: 0}
  m_PrefabAsset: {fileID: 0}
  serializedVersion: 6
  m_Component:
  - component: {fileID: 4393232489025909816}
  m_Layer: 0
  m_Name: Bone.015_end
  m_TagString: Untagged
  m_Icon: {fileID: 0}
  m_NavMeshLayer: 0
  m_StaticEditorFlags: 0
  m_IsActive: 1
--- !u!4 &4393232489025909816
Transform:
  m_ObjectHideFlags: 0
  m_CorrespondingSourceObject: {fileID: 0}
  m_PrefabInstance: {fileID: 0}
  m_PrefabAsset: {fileID: 0}
  m_GameObject: {fileID: 8746353940792877404}
  m_LocalRotation: {x: 0, y: -0, z: -0, w: 1}
  m_LocalPosition: {x: -0, y: 0.0042674136, z: 0}
  m_LocalScale: {x: 1, y: 1, z: 1}
  m_Children: []
  m_Father: {fileID: 4558141725343142760}
  m_RootOrder: 0
  m_LocalEulerAnglesHint: {x: 0, y: 0, z: 0}
--- !u!1 &8819803318948352540
GameObject:
  m_ObjectHideFlags: 0
  m_CorrespondingSourceObject: {fileID: 0}
  m_PrefabInstance: {fileID: 0}
  m_PrefabAsset: {fileID: 0}
  serializedVersion: 6
  m_Component:
  - component: {fileID: 3736639268013038029}
  m_Layer: 0
  m_Name: Bone.007_end
  m_TagString: Untagged
  m_Icon: {fileID: 0}
  m_NavMeshLayer: 0
  m_StaticEditorFlags: 0
  m_IsActive: 1
--- !u!4 &3736639268013038029
Transform:
  m_ObjectHideFlags: 0
  m_CorrespondingSourceObject: {fileID: 0}
  m_PrefabInstance: {fileID: 0}
  m_PrefabAsset: {fileID: 0}
  m_GameObject: {fileID: 8819803318948352540}
  m_LocalRotation: {x: 0, y: -0, z: -0, w: 1}
  m_LocalPosition: {x: -0, y: 0.003741891, z: 0}
  m_LocalScale: {x: 1, y: 1, z: 1}
  m_Children: []
  m_Father: {fileID: 3747342855922716051}
  m_RootOrder: 0
  m_LocalEulerAnglesHint: {x: 0, y: 0, z: 0}
--- !u!1 &8948148851044469411
GameObject:
  m_ObjectHideFlags: 0
  m_CorrespondingSourceObject: {fileID: 0}
  m_PrefabInstance: {fileID: 0}
  m_PrefabAsset: {fileID: 0}
  serializedVersion: 6
  m_Component:
  - component: {fileID: 4558141725343142760}
  m_Layer: 0
  m_Name: Bone.015
  m_TagString: Untagged
  m_Icon: {fileID: 0}
  m_NavMeshLayer: 0
  m_StaticEditorFlags: 0
  m_IsActive: 1
--- !u!4 &4558141725343142760
Transform:
  m_ObjectHideFlags: 0
  m_CorrespondingSourceObject: {fileID: 0}
  m_PrefabInstance: {fileID: 0}
  m_PrefabAsset: {fileID: 0}
  m_GameObject: {fileID: 8948148851044469411}
  m_LocalRotation: {x: -0.09739049, y: 0.0016544637, z: -0.027738374, w: 0.99485826}
  m_LocalPosition: {x: -0, y: 0.004143062, z: 1.7695129e-10}
  m_LocalScale: {x: 0.99999994, y: 0.99999994, z: 0.99999994}
  m_Children:
  - {fileID: 4393232489025909816}
  m_Father: {fileID: 1026399808243040529}
  m_RootOrder: 0
  m_LocalEulerAnglesHint: {x: 0, y: 0, z: 0}
