%YAML 1.1
%TAG !u! tag:unity3d.com,2011:
--- !u!1 &1363945371488582983
GameObject:
  m_ObjectHideFlags: 0
  m_CorrespondingSourceObject: {fileID: 0}
  m_PrefabInstance: {fileID: 0}
  m_PrefabAsset: {fileID: 0}
  serializedVersion: 6
  m_Component:
  - component: {fileID: 1793912135756527239}
  m_Layer: 0
  m_Name: sew_mai_in_container
  m_TagString: Untagged
  m_Icon: {fileID: 0}
  m_NavMeshLayer: 0
  m_StaticEditorFlags: 0
  m_IsActive: 1
--- !u!4 &1793912135756527239
Transform:
  m_ObjectHideFlags: 0
  m_CorrespondingSourceObject: {fileID: 0}
  m_PrefabInstance: {fileID: 0}
  m_PrefabAsset: {fileID: 0}
  m_GameObject: {fileID: 1363945371488582983}
  m_LocalRotation: {x: 0, y: 0, z: 0, w: 1}
  m_LocalPosition: {x: 284.27774, y: 13.695541, z: 208.21791}
  m_LocalScale: {x: 10, y: 10, z: 10}
  m_Children:
  - {fileID: 8270774855725446808}
  - {fileID: 2900158277276908778}
  m_Father: {fileID: 0}
  m_RootOrder: 0
  m_LocalEulerAnglesHint: {x: 0, y: 0, z: 0}
--- !u!64 &409191355596192791
MeshCollider:
  m_ObjectHideFlags: 0
  m_CorrespondingSourceObject: {fileID: 0}
  m_PrefabInstance: {fileID: 0}
  m_PrefabAsset: {fileID: 0}
  m_GameObject: {fileID: 2610315814020114789}
  m_Material: {fileID: 0}
  m_IsTrigger: 0
  m_Enabled: 1
  serializedVersion: 4
  m_Convex: 1
  m_CookingOptions: 30
  m_Mesh: {fileID: -5495902117074765545, guid: 09bb8a220075de0fc92d0ab69a052a71, type: 3}
--- !u!64 &8701676424979969637
MeshCollider:
  m_ObjectHideFlags: 0
  m_CorrespondingSourceObject: {fileID: 0}
  m_PrefabInstance: {fileID: 0}
  m_PrefabAsset: {fileID: 0}
  m_GameObject: {fileID: 5184807610289299315}
  m_Material: {fileID: 0}
  m_IsTrigger: 0
  m_Enabled: 1
  serializedVersion: 4
  m_Convex: 0
  m_CookingOptions: 30
  m_Mesh: {fileID: 2534964839176971238, guid: 6fd11b077b11e7ae69c012783c323028, type: 3}
--- !u!1001 &4760249478631892173
PrefabInstance:
  m_ObjectHideFlags: 0
  serializedVersion: 2
  m_Modification:
    m_TransformParent: {fileID: 1793912135756527239}
    m_Modifications:
    - target: {fileID: 5961175811843434755, guid: 423fa538203bd297a879fd62bfd124da,
        type: 3}
      propertyPath: m_Enabled
      value: 1
      objectReference: {fileID: 0}
    - target: {fileID: 7024335127330701981, guid: 423fa538203bd297a879fd62bfd124da,
        type: 3}
      propertyPath: m_Name
      value: "\u71D2\u8CE3"
      objectReference: {fileID: 0}
    - target: {fileID: 7651795229785724967, guid: 423fa538203bd297a879fd62bfd124da,
        type: 3}
      propertyPath: m_LocalPosition.x
      value: 0
      objectReference: {fileID: 0}
    - target: {fileID: 7651795229785724967, guid: 423fa538203bd297a879fd62bfd124da,
        type: 3}
      propertyPath: m_LocalPosition.y
      value: 2
      objectReference: {fileID: 0}
    - target: {fileID: 7651795229785724967, guid: 423fa538203bd297a879fd62bfd124da,
        type: 3}
      propertyPath: m_LocalPosition.z
      value: 0
      objectReference: {fileID: 0}
    - target: {fileID: 7651795229785724967, guid: 423fa538203bd297a879fd62bfd124da,
        type: 3}
      propertyPath: m_LocalRotation.x
      value: 0
      objectReference: {fileID: 0}
    - target: {fileID: 7651795229785724967, guid: 423fa538203bd297a879fd62bfd124da,
        type: 3}
      propertyPath: m_LocalRotation.y
      value: 0
      objectReference: {fileID: 0}
    - target: {fileID: 7651795229785724967, guid: 423fa538203bd297a879fd62bfd124da,
        type: 3}
      propertyPath: m_LocalRotation.z
      value: 0
      objectReference: {fileID: 0}
    - target: {fileID: 7651795229785724967, guid: 423fa538203bd297a879fd62bfd124da,
        type: 3}
      propertyPath: m_LocalRotation.w
      value: 1
      objectReference: {fileID: 0}
    - target: {fileID: 7651795229785724967, guid: 423fa538203bd297a879fd62bfd124da,
        type: 3}
      propertyPath: m_RootOrder
      value: 1
      objectReference: {fileID: 0}
    - target: {fileID: 7651795229785724967, guid: 423fa538203bd297a879fd62bfd124da,
        type: 3}
      propertyPath: m_LocalEulerAnglesHint.x
      value: 0
      objectReference: {fileID: 0}
    - target: {fileID: 7651795229785724967, guid: 423fa538203bd297a879fd62bfd124da,
        type: 3}
      propertyPath: m_LocalEulerAnglesHint.y
      value: 0
      objectReference: {fileID: 0}
    - target: {fileID: 7651795229785724967, guid: 423fa538203bd297a879fd62bfd124da,
        type: 3}
      propertyPath: m_LocalEulerAnglesHint.z
      value: 0
      objectReference: {fileID: 0}
    m_RemovedComponents: []
  m_SourcePrefab: {fileID: 100100000, guid: 423fa538203bd297a879fd62bfd124da, type: 3}
--- !u!4 &2900158277276908778 stripped
Transform:
  m_CorrespondingSourceObject: {fileID: 7651795229785724967, guid: 423fa538203bd297a879fd62bfd124da,
    type: 3}
  m_PrefabInstance: {fileID: 4760249478631892173}
  m_PrefabAsset: {fileID: 0}
--- !u!1 &2610315814020114789 stripped
GameObject:
  m_CorrespondingSourceObject: {fileID: 7365208145047014824, guid: 423fa538203bd297a879fd62bfd124da,
    type: 3}
  m_PrefabInstance: {fileID: 4760249478631892173}
  m_PrefabAsset: {fileID: 0}
--- !u!1001 &5278669447002484154
PrefabInstance:
  m_ObjectHideFlags: 0
  serializedVersion: 2
  m_Modification:
    m_TransformParent: {fileID: 1793912135756527239}
    m_Modifications:
    - target: {fileID: 3516740255716032920, guid: b11a343052ec715f4b240c0d76277d75,
        type: 3}
      propertyPath: m_Name
      value: "\u84B8\u7C60"
      objectReference: {fileID: 0}
    - target: {fileID: 4289159735039826722, guid: b11a343052ec715f4b240c0d76277d75,
        type: 3}
      propertyPath: m_LocalPosition.x
      value: 0
      objectReference: {fileID: 0}
    - target: {fileID: 4289159735039826722, guid: b11a343052ec715f4b240c0d76277d75,
        type: 3}
      propertyPath: m_LocalPosition.y
      value: 0
      objectReference: {fileID: 0}
    - target: {fileID: 4289159735039826722, guid: b11a343052ec715f4b240c0d76277d75,
        type: 3}
      propertyPath: m_LocalPosition.z
      value: 0
      objectReference: {fileID: 0}
    - target: {fileID: 4289159735039826722, guid: b11a343052ec715f4b240c0d76277d75,
        type: 3}
      propertyPath: m_LocalRotation.x
      value: 0
      objectReference: {fileID: 0}
    - target: {fileID: 4289159735039826722, guid: b11a343052ec715f4b240c0d76277d75,
        type: 3}
      propertyPath: m_LocalRotation.y
      value: 0
      objectReference: {fileID: 0}
    - target: {fileID: 4289159735039826722, guid: b11a343052ec715f4b240c0d76277d75,
        type: 3}
      propertyPath: m_LocalRotation.z
      value: 0
      objectReference: {fileID: 0}
    - target: {fileID: 4289159735039826722, guid: b11a343052ec715f4b240c0d76277d75,
        type: 3}
      propertyPath: m_LocalRotation.w
      value: 1
      objectReference: {fileID: 0}
    - target: {fileID: 4289159735039826722, guid: b11a343052ec715f4b240c0d76277d75,
        type: 3}
      propertyPath: m_RootOrder
      value: 0
      objectReference: {fileID: 0}
    - target: {fileID: 4289159735039826722, guid: b11a343052ec715f4b240c0d76277d75,
        type: 3}
      propertyPath: m_LocalEulerAnglesHint.x
      value: 0
      objectReference: {fileID: 0}
    - target: {fileID: 4289159735039826722, guid: b11a343052ec715f4b240c0d76277d75,
        type: 3}
      propertyPath: m_LocalEulerAnglesHint.y
      value: 0
      objectReference: {fileID: 0}
    - target: {fileID: 4289159735039826722, guid: b11a343052ec715f4b240c0d76277d75,
        type: 3}
      propertyPath: m_LocalEulerAnglesHint.z
      value: 0
      objectReference: {fileID: 0}
    - target: {fileID: 4289159735039826722, guid: b11a343052ec715f4b240c0d76277d75,
        type: 3}
      propertyPath: m_LocalScale.x
      value: 1.5
      objectReference: {fileID: 0}
    - target: {fileID: 4289159735039826722, guid: b11a343052ec715f4b240c0d76277d75,
        type: 3}
      propertyPath: m_LocalScale.y
      value: 1.5
      objectReference: {fileID: 0}
    - target: {fileID: 4289159735039826722, guid: b11a343052ec715f4b240c0d76277d75,
        type: 3}
      propertyPath: m_LocalScale.z
      value: 1.5
      objectReference: {fileID: 0}
    - target: {fileID: 6917259416360831510, guid: b11a343052ec715f4b240c0d76277d75,
        type: 3}
      propertyPath: m_Enabled
      value: 1
      objectReference: {fileID: 0}
    m_RemovedComponents: []
  m_SourcePrefab: {fileID: 100100000, guid: b11a343052ec715f4b240c0d76277d75, type: 3}
--- !u!4 &8270774855725446808 stripped
Transform:
  m_CorrespondingSourceObject: {fileID: 4289159735039826722, guid: b11a343052ec715f4b240c0d76277d75,
    type: 3}
  m_PrefabInstance: {fileID: 5278669447002484154}
  m_PrefabAsset: {fileID: 0}
--- !u!1 &5184807610289299315 stripped
GameObject:
  m_CorrespondingSourceObject: {fileID: 1059958800884396745, guid: b11a343052ec715f4b240c0d76277d75,
    type: 3}
  m_PrefabInstance: {fileID: 5278669447002484154}
  m_PrefabAsset: {fileID: 0}
